@book{Stearns2001,
address = {Boston, MA},
author = {Stearns, P.},
publisher = {Houghton Mifflin Company},
title = {The Encyclopedia of World History},
year = {2001},
}

@book{Elisseeff2000,
address = {Paris},
author = {Elisseeff, V.},
publisher = {UNESCO},
title = {The silk roads highways of culture and commerce},
year = {2000},
}

@article{Estevadeordal2003,
author = {Estevadeordal, A. and Frantz, B. and Taylor, A.},
journal = {The Quarterly Journal of Economics},
number = {2},
pages = {359-407},
title = {The Rise and Fall of World Trade, 1870-1939},
volume = {118},
year = {2003},
}

@article{Klasing2014,
author = {Klasing, M. and Milionis, P.},
journal = {Journal of International Economics},
number = {1},
pages = {185-197},
title = {Quantifying the Evolution of World Trade, 1870-1949},
volume = {92},
year = {2014},
}

@article{Feenstra2015,
author = {Feenstra, R. and Inklaar, R. and Timmer, M.},
journal = {American Economic Review},
number = {10},
pages = {3150-3182},
title = {The Next Generation of the Penn World Table},
volume = {105},
year = {2015},
}

@techreport{Junguito2016,
author = {Junguito, A. and Federico, G.},
institution = {EHES Working Papers In Economic History, no. 93: 1-300. Universidad Carlos III de Madrid. Instituto Figuerola},
title = {World trade, 1800-1938: a new data-set},
year = {2016},
}

@article{Vanham2019,
author = {Vanham, P.},
journal = {World Economic Forum},
title = {History of globalization (2019).},
volume = {29},
year = {2019},
url = {https://www.weforum.org/agenda/2019/01/how-globalization-4-0-fits-into-the-history-of-globalization},
}

@article{Frankel1999,
author = {Frankel, J. and Romer, D. H.},
journal = {The American Economic Review},
number = {3},
pages = {379-99},
title = {Does Trade Cause Growth?},
volume = {89},
year = {1999},
}

@article{Alcala2004,
author = {Alcal{\'{a}}, F. and Ciccone, A.},
journal = {The Quarterly Journal of Economics},
number = {2},
pages = {613-646},
title = {Trade and Productivity},
volume = {119},
year = {2004},
}

@article{Reynolds1991,
author = {Reynolds, R. J.},
journal = {IAU Symposium},
number = {1},
pages = {67},
title = {The Environment and Globalization},
volume = {144},
year = {1991},
}

@book{Stern2004,
address = {Elsevier, 1419-1439},
author = {Stern, D.},
publisher = {World Development},
title = {The Rise and Fall of the Environmental Kuznets Curve},
volume = {32(8):},
year = {2004},
}

@unpublished{Carvalho2013,
author = {Carvalho, S.},
note = {Brasília: Ipea, (Texto para Discussão, n. 1902)},
title = {A Relação Entre Crescimento E O Meio Ambiente: Uma Reavaliação Da Curva De Kuznets Ambiental},
year = {2013},
}

@article{Carvalho2010,
author = {Carvalho, T. and Almeida, E.},
journal = {Estudos Econômicos},
number = {3},
pages = {587-615},
title = {A hipótese da curva de Kuznets ambiental global: uma perspectiva econométrico-espacial},
volume = {40},
year = {2010},
}

@article{Goncalves1998,
author = {Gon{\c{c}}alves, R.},
journal = {III Encontro Nacional de Economia Política},
pages = {1-13},
title = {Meio ambiente e a economia política do comércio internacional},
year = {1998},
}

@article{Pethig1976,
author = {Pethig, R.},
journal = {Journal of Environmental Economics and Management},
pages = {160-169},
title = {Pollution, Welfare, and Environmental Policy in the Theory of Comparative Advantage},
volume = {2},
year = {1976},
}

@article{Siebert1977,
author = {Siebert, H.},
journal = {Kyklos},
pages = {651-673},
title = {Environmental Quality and the Gains from Trade},
volume = {30},
year = {1977},
}

@article{McGuire1982,
author = {McGuire, M.},
journal = {Journal of Public Economics},
pages = {335-354},
title = {Regulation, Factor Rewards, and International Trade},
volume = {17},
year = {1982},
}

@article{Tobey1990,
author = {Tobey, J. A.},
title = {The Effects of Domestic Environmental Policies on Patterns of World Trade: An Empirical Test},
journal = {Kyklos},
vol = {43},
pages = {191-209},
year = {1990},
}

@article{VanBeers1997,
author = {Van Beers, C. and Van Den Bergh, J.},
journal = {Kyklos},
pages = {29–46},
title = {An Empirical Multi-Country Analysis of the Impact of Environmental Regulations on Foreign Trade Flows},
volume = {50},
year = {1997},
}

@techreport{Tuhin2015,
author = {Tuhin, R.},
institution = {Australian Government},
title = {Impact of international trade on employment : Evidence from Australian manufacturing industries},
year = {2015},
}

@book{Smith2015,
author = {Smith, R. and Blouin, C. and Mirza, Z. and Beyer, P. and Drager, N.},
publisher = {WHO Library Cataloguing-in-Publication Data},
title = {Trade and Health: building a National Strategy},
year = {2015},
}

@article{Daumal2010,
author = {Daumal, M. and Özyurt, S.},
journal = {Review of Economics and Institutions},
number = {1},
pages = {1-25},
title = {The impact of international trade flows on economic growth in Brazilian states},
volume = {2},
year = {2010},
}

@article{Pavcnik2017,
author = {Pavcnik, N.},
journal = {NBER Working Paper},
pages = {1-48},
title = {the Impact of Trade on Inequality in Developing Countries},
year = {2017},
}

@techreport{Frankel2008,
author = {Frankel, J.},
institution = {Sweden’s Globalization Council},
title = {Environmental Effects of International Trade.},
year = {2008},
comment = {Expert Report No. 31 to Sweden’s Globalization Council},
}

@article{Williams1993,
author = {Williams, M.},
journal = {Environmental Politics},
number = {4},
pages = {80-97},
title = {International Trade and the Environment: Issues, Perspectives and Challenges},
volume = {2},
year = {1993},
}

@article{Kowalski2011,
author = {Kowalski, P.},
journal = {OECD Trade Policy Papers},
title = {“Comparative Advantage and Trade Performance: Policy Implications”},
volume = {121},
year = {2011},
}

@techreport{Costinot2012,
author = {Costinot, A. and Donaldson, D.},
institution = {NBER Working Papers 17969, National Bureau of Economic Research, Inc},
title = {Ricardo's Theory of Comparative Advantage: Old Idea, New Evidence},
year = {2012},
}

@techreport{Davis1996,
author = {Davis, D. and Weinstein, D. and Bradford, S. and Shimpo, K.},
institution = {NBER Working Papers 5625, National Bureau of Economic Research, Inc},
title = {The Heckscher-Ohlin-Vanek Model of Trade: Why does it fail? When does it work?},
year = {1996},
}

@article{Leamer1995,
author = {Leamer, E.},
journal = {Princeton Studies in International Finance, No},
title = {“The Heckscher-Ohlin Model in theory and practice”},
volume = {77},
year = {1995},
}

@book{Tinbergen1962,
address = {New York, NY},
author = {Tinbergen, J.},
publisher = {Twentieth Century Fund},
title = {“An Analysis of World Trade Flows,” em Shaping the World Economy, editado por Jan Tinbergen},
year = {1962},
}

@article{Isard1954,
author = {Isard, W.},
journal = {Quarterly Journal of Economics},
number = {2},
pages = {305–322},
title = {Location Theory and Trade Theory: Short-Run Analysis},
volume = {68},
year = {1954},
}

@techreport{Baldwin2006,
author = {Baldwin, R. and Taglioli, D.},
institution = {CEPR Discussion Paper},
number = {5850},
title = {Gravity for dummies and dummies for gravity equations},
year = {2006},
}

@article{Anderson1979,
author = {Anderson, J.},
journal = {American Economic Review},
number = {1},
pages = {106-116},
title = {A theoretical foundation for the gravity equation},
volume = {69},
year = {1979},
}

@article{Bergstrand1985,
author = {Bergstrand, J.},
journal = {The Review of Economics and Statistics},
number = {3},
pages = {474-481},
title = {The gravity equation in international trade: some microeconomic foundations and empirical evidence},
volume = {67},
year = {1985},
}

@article{Bergstrand1989,
author = {Bergstrand, J.},
journal = {The Review of Economics and Statistics},
number = {1},
pages = {143-153},
title = {The generalized gravity equation, monopolistic competition and the factor proportions theory in international trade},
volume = {71},
year = {1989},
}

@incollection{Deardorff1998,
author = {Deardorff, A.},
booktitle = {The regionalization of the world economy},
editor = {Frankel, J},
pages = {7-32},
title = {Determinants of bilateral trade: does gravity work in a neoclassical world?},
year = {1998},
}

@article{Anderson2003,
author = {Anderson, J. and Van Wincoop , E.},
journal = {American Economic Review},
number = {1},
pages = {170-192},
title = {Gravity with gravitas: a solution to border puzzle},
volume = {93},
year = {2003},
}

@article{McCallum1995,
author = {McCallum, J.},
journal = {Vol.},
number = {3},
pages = {615-623},
title = {National borders matter: Canada-US regional trade patterns, {A}merican Economic Review},
volume = {85},
year = {1995},
}

@article{Egger2011,
author = {Egger, P. and Larch, M.},
journal = {European Economic Review},
number = {2},
pages = {263–279},
title = {An assessment of the Europe agreement’s effects on bilateral trade, GDP, and welfare},
volume = {55},
year = {2011},
}

@article{DeSousa2012,
author = {De Sousa, J. and Mayer, T. and Zignago, S.},
journal = {Regional Science and Urban Economics},
number = {6},
pages = {1037–1052},
title = {Market access in global and regional trade},
volume = {42},
year = {2012},
}

@article{Cipollina2010,
author = {Cipollina, M. and Salvatici, L.},
journal = {Review of International Economics},
number = {1},
pages = {63–80},
title = {Reciprocal trade agreements in gravity models: a meta-analysis},
volume = {18},
year = {2010},
}

@article{Miaojie2010,
author = {Miaojie, Y.},
journal = {Journal of Development Economics},
number = {2},
title = {“Trade, Democracy, and the Gravity Equation”},
volume = {91},
year = {2010},
}

@techreport{Baldwin2011,
author = {Baldwin, R. and Taglioli, D.},
institution = {European Central Bank},
number = {1401},
title = {Gravity chains: estimating bilateral trade flows when parts and components trade is important},
type = {Working Paper Series},
year = {2011},
}

@article{Silva2006,
author = {Silva, J. and Tenreyro, S.},
journal = {The Review of Economics and Statistics},
number = {4},
title = {The log of gravity},
volume = {88},
year = {2006},
}

@techreport{Shah2018,
author = {Shah, A.},
institution = {Statistical Software Components S458466, Boston College Department of Economics},
title = {ASDOC: Stata module to create high-quality tables in MS Word from Stata output},
year = {2018},
}

@article{Comtrade2019,
title = {Dados sobre fluxos bilaterais de comércio internacional},
author = {COMTRADE, {\relax United Nations Commodity Trade Statistics Database}},
year = {2019},
url = {https://comtrade.un.org/data/},
}

@article{Cepii2019,
title = {Dados sobre distância, existência de fronteira e de língua comum},
author = {CEPII, {\relax Centre D'estudes Prospectives E. T. D'informations Internationales}},
year = {2019},
url = {http://www.cepii.fr/CEPII/en/bdd_modele/presentation.asp?id=6},
}

@article{WorldBank2019,
title = {Dados sobre uso de energia},
author = {WB, {\relax World Bank}},
year = {2019},
url = {https://data.worldbank.org/indicator/EG.USE.COMM.GD.PP.KD?end=2014&name_desc=false&start=1971},
}

